%YAML 1.1
%TAG !u! tag:unity3d.com,2011:
--- !u!1 &7346661889937692330
GameObject:
  m_ObjectHideFlags: 0
  m_CorrespondingSourceObject: {fileID: 0}
  m_PrefabInstance: {fileID: 0}
  m_PrefabAsset: {fileID: 0}
  serializedVersion: 6
  m_Component:
  - component: {fileID: 7346661889937692372}
  - component: {fileID: 7346661889937692331}
  - component: {fileID: 7346661889937692373}
  m_Layer: 0
  m_Name: Character 3
  m_TagString: Untagged
  m_Icon: {fileID: 0}
  m_NavMeshLayer: 0
  m_StaticEditorFlags: 0
  m_IsActive: 1
--- !u!4 &7346661889937692372
Transform:
  m_ObjectHideFlags: 0
  m_CorrespondingSourceObject: {fileID: 0}
  m_PrefabInstance: {fileID: 0}
  m_PrefabAsset: {fileID: 0}
  m_GameObject: {fileID: 7346661889937692330}
  m_LocalRotation: {x: 0, y: 0, z: 0, w: 1}
  m_LocalPosition: {x: 0, y: 5, z: 0}
  m_LocalScale: {x: 1, y: 1, z: 1}
  m_ConstrainProportionsScale: 0
  m_Children:
  - {fileID: 7346661890003145796}
  - {fileID: 7346661891395612226}
  - {fileID: 3156270308904479114}
  - {fileID: 4916954998969790020}
  - {fileID: 1258203391504349964}
  m_Father: {fileID: 0}
  m_RootOrder: 0
  m_LocalEulerAnglesHint: {x: 0, y: 0, z: 0}
--- !u!54 &7346661889937692331
Rigidbody:
  m_ObjectHideFlags: 0
  m_CorrespondingSourceObject: {fileID: 0}
  m_PrefabInstance: {fileID: 0}
  m_PrefabAsset: {fileID: 0}
  m_GameObject: {fileID: 7346661889937692330}
  serializedVersion: 2
  m_Mass: 1
  m_Drag: 0
  m_AngularDrag: 0.05
  m_UseGravity: 1
  m_IsKinematic: 0
  m_Interpolate: 0
  m_Constraints: 112
  m_CollisionDetection: 0
--- !u!114 &7346661889937692373
MonoBehaviour:
  m_ObjectHideFlags: 0
  m_CorrespondingSourceObject: {fileID: 0}
  m_PrefabInstance: {fileID: 0}
  m_PrefabAsset: {fileID: 0}
  m_GameObject: {fileID: 7346661889937692330}
  m_Enabled: 1
  m_EditorHideFlags: 0
  m_Script: {fileID: 11500000, guid: 2736639e971e64c1fb1d94497876ccb9, type: 3}
  m_Name: 
  m_EditorClassIdentifier: 
  spawnPosition: {x: 0, y: 5, z: 0}
  body: {fileID: 7346661889937692331}
  moveCollider: {fileID: 7346661890003145797}
  blockPlayerCollider: {fileID: 7346661891395612236}
  moveSpeed: 3
  smoke: {fileID: 4916954998969790021}
  bloodFx: {fileID: 1258203391504349965}
  groundLayer:
    serializedVersion: 2
    m_Bits: 64
  checkRadius: 0.15
  animator: {fileID: 8235087140318242433}
  ragdollBodies:
  - {fileID: 5821920345506615867}
  - {fileID: 1141373572414028220}
  - {fileID: 8348174147429655030}
  - {fileID: 2095313560405992209}
  - {fileID: 8492970893353598498}
  - {fileID: 773341263174638933}
  - {fileID: 1550001369963060112}
  - {fileID: 7106433562635266182}
  - {fileID: 7080937045172487820}
  - {fileID: 5846975873845704781}
  - {fileID: 2389696774194441432}
  pushBackBot: {fileID: 7346661891395612237}
--- !u!1 &7346661890003145819
GameObject:
  m_ObjectHideFlags: 0
  m_CorrespondingSourceObject: {fileID: 0}
  m_PrefabInstance: {fileID: 0}
  m_PrefabAsset: {fileID: 0}
  serializedVersion: 6
  m_Component:
  - component: {fileID: 7346661890003145796}
  - component: {fileID: 7346661890003145797}
  m_Layer: 7
  m_Name: Move Collider
  m_TagString: Player
  m_Icon: {fileID: 0}
  m_NavMeshLayer: 0
  m_StaticEditorFlags: 0
  m_IsActive: 1
--- !u!4 &7346661890003145796
Transform:
  m_ObjectHideFlags: 0
  m_CorrespondingSourceObject: {fileID: 0}
  m_PrefabInstance: {fileID: 0}
  m_PrefabAsset: {fileID: 0}
  m_GameObject: {fileID: 7346661890003145819}
  m_LocalRotation: {x: 0, y: 0, z: 0, w: 1}
  m_LocalPosition: {x: 0, y: 0.675, z: 0}
  m_LocalScale: {x: 1, y: 1, z: 1}
  m_ConstrainProportionsScale: 0
  m_Children: []
  m_Father: {fileID: 7346661889937692372}
  m_RootOrder: 0
  m_LocalEulerAnglesHint: {x: 0, y: 0, z: 0}
--- !u!136 &7346661890003145797
CapsuleCollider:
  m_ObjectHideFlags: 0
  m_CorrespondingSourceObject: {fileID: 0}
  m_PrefabInstance: {fileID: 0}
  m_PrefabAsset: {fileID: 0}
  m_GameObject: {fileID: 7346661890003145819}
  m_Material: {fileID: 0}
  m_IsTrigger: 0
  m_Enabled: 1
  m_Radius: 0.35
  m_Height: 1.35
  m_Direction: 1
  m_Center: {x: 0, y: 0, z: 0}
--- !u!1 &7346661891395612225
GameObject:
  m_ObjectHideFlags: 0
  m_CorrespondingSourceObject: {fileID: 0}
  m_PrefabInstance: {fileID: 0}
  m_PrefabAsset: {fileID: 0}
  serializedVersion: 6
  m_Component:
  - component: {fileID: 7346661891395612226}
  - component: {fileID: 7346661891395612236}
  - component: {fileID: 7346661891395612227}
  - component: {fileID: 7346661891395612237}
  m_Layer: 8
  m_Name: Block Move Collider
  m_TagString: Untagged
  m_Icon: {fileID: 0}
  m_NavMeshLayer: 0
  m_StaticEditorFlags: 0
  m_IsActive: 1
--- !u!4 &7346661891395612226
Transform:
  m_ObjectHideFlags: 0
  m_CorrespondingSourceObject: {fileID: 0}
  m_PrefabInstance: {fileID: 0}
  m_PrefabAsset: {fileID: 0}
  m_GameObject: {fileID: 7346661891395612225}
  m_LocalRotation: {x: 0, y: 0, z: 0, w: 1}
  m_LocalPosition: {x: 0, y: 0.675, z: 0}
  m_LocalScale: {x: 1, y: 1, z: 1}
  m_ConstrainProportionsScale: 0
  m_Children: []
  m_Father: {fileID: 7346661889937692372}
  m_RootOrder: 1
  m_LocalEulerAnglesHint: {x: 0, y: 0, z: 0}
--- !u!136 &7346661891395612236
CapsuleCollider:
  m_ObjectHideFlags: 0
  m_CorrespondingSourceObject: {fileID: 0}
  m_PrefabInstance: {fileID: 0}
  m_PrefabAsset: {fileID: 0}
  m_GameObject: {fileID: 7346661891395612225}
  m_Material: {fileID: 0}
  m_IsTrigger: 0
  m_Enabled: 1
  m_Radius: 0.36
  m_Height: 1.35
  m_Direction: 1
  m_Center: {x: 0, y: 0, z: 0}
--- !u!54 &7346661891395612227
Rigidbody:
  m_ObjectHideFlags: 0
  m_CorrespondingSourceObject: {fileID: 0}
  m_PrefabInstance: {fileID: 0}
  m_PrefabAsset: {fileID: 0}
  m_GameObject: {fileID: 7346661891395612225}
  serializedVersion: 2
  m_Mass: 10000
  m_Drag: 0
  m_AngularDrag: 0
  m_UseGravity: 0
  m_IsKinematic: 1
  m_Interpolate: 0
  m_Constraints: 112
  m_CollisionDetection: 0
--- !u!114 &7346661891395612237
MonoBehaviour:
  m_ObjectHideFlags: 0
  m_CorrespondingSourceObject: {fileID: 0}
  m_PrefabInstance: {fileID: 0}
  m_PrefabAsset: {fileID: 0}
  m_GameObject: {fileID: 7346661891395612225}
  m_Enabled: 1
  m_EditorHideFlags: 0
  m_Script: {fileID: 11500000, guid: 5d175ec7cbbb64171b68d3ee36f67c5b, type: 3}
  m_Name: 
  m_EditorClassIdentifier: 
  pushBackForce: 11
  pushBackAngle: 75
--- !u!1001 &3190776571667435105
PrefabInstance:
  m_ObjectHideFlags: 0
  serializedVersion: 2
  m_Modification:
    m_TransformParent: {fileID: 7346661889937692372}
    m_Modifications:
    - target: {fileID: -9070493210130169274, guid: 15d85f00bb57f4f87b53e1442606ecc2,
        type: 3}
      propertyPath: m_Layer
      value: 9
      objectReference: {fileID: 0}
    - target: {fileID: -8679921383154817045, guid: 15d85f00bb57f4f87b53e1442606ecc2,
        type: 3}
      propertyPath: m_RootOrder
      value: 2
      objectReference: {fileID: 0}
    - target: {fileID: -8679921383154817045, guid: 15d85f00bb57f4f87b53e1442606ecc2,
        type: 3}
      propertyPath: m_LocalPosition.x
      value: 0
      objectReference: {fileID: 0}
    - target: {fileID: -8679921383154817045, guid: 15d85f00bb57f4f87b53e1442606ecc2,
        type: 3}
      propertyPath: m_LocalPosition.y
      value: 0
      objectReference: {fileID: 0}
    - target: {fileID: -8679921383154817045, guid: 15d85f00bb57f4f87b53e1442606ecc2,
        type: 3}
      propertyPath: m_LocalPosition.z
      value: 0
      objectReference: {fileID: 0}
    - target: {fileID: -8679921383154817045, guid: 15d85f00bb57f4f87b53e1442606ecc2,
        type: 3}
      propertyPath: m_LocalRotation.w
      value: 1
      objectReference: {fileID: 0}
    - target: {fileID: -8679921383154817045, guid: 15d85f00bb57f4f87b53e1442606ecc2,
        type: 3}
      propertyPath: m_LocalRotation.x
      value: -0
      objectReference: {fileID: 0}
    - target: {fileID: -8679921383154817045, guid: 15d85f00bb57f4f87b53e1442606ecc2,
        type: 3}
      propertyPath: m_LocalRotation.y
      value: -0
      objectReference: {fileID: 0}
    - target: {fileID: -8679921383154817045, guid: 15d85f00bb57f4f87b53e1442606ecc2,
        type: 3}
      propertyPath: m_LocalRotation.z
      value: -0
      objectReference: {fileID: 0}
    - target: {fileID: -8679921383154817045, guid: 15d85f00bb57f4f87b53e1442606ecc2,
        type: 3}
      propertyPath: m_LocalEulerAnglesHint.x
      value: 0
      objectReference: {fileID: 0}
    - target: {fileID: -8679921383154817045, guid: 15d85f00bb57f4f87b53e1442606ecc2,
        type: 3}
      propertyPath: m_LocalEulerAnglesHint.y
      value: 0
      objectReference: {fileID: 0}
    - target: {fileID: -8679921383154817045, guid: 15d85f00bb57f4f87b53e1442606ecc2,
        type: 3}
      propertyPath: m_LocalEulerAnglesHint.z
      value: 0
      objectReference: {fileID: 0}
    - target: {fileID: -7657966619581158213, guid: 15d85f00bb57f4f87b53e1442606ecc2,
        type: 3}
      propertyPath: m_Layer
      value: 9
      objectReference: {fileID: 0}
    - target: {fileID: -6170625038081293824, guid: 15d85f00bb57f4f87b53e1442606ecc2,
        type: 3}
      propertyPath: m_Layer
      value: 9
      objectReference: {fileID: 0}
    - target: {fileID: -4332706925441422008, guid: 15d85f00bb57f4f87b53e1442606ecc2,
        type: 3}
      propertyPath: m_Layer
      value: 9
      objectReference: {fileID: 0}
    - target: {fileID: -3086436065929644917, guid: 15d85f00bb57f4f87b53e1442606ecc2,
        type: 3}
      propertyPath: m_Layer
      value: 9
      objectReference: {fileID: 0}
    - target: {fileID: -1781356600409242780, guid: 15d85f00bb57f4f87b53e1442606ecc2,
        type: 3}
      propertyPath: m_Layer
      value: 9
      objectReference: {fileID: 0}
    - target: {fileID: -290750445479886849, guid: 15d85f00bb57f4f87b53e1442606ecc2,
        type: 3}
      propertyPath: m_Layer
      value: 9
      objectReference: {fileID: 0}
    - target: {fileID: 919132149155446097, guid: 15d85f00bb57f4f87b53e1442606ecc2,
        type: 3}
      propertyPath: m_Name
      value: character 3
      objectReference: {fileID: 0}
    - target: {fileID: 1082271958561512970, guid: 15d85f00bb57f4f87b53e1442606ecc2,
        type: 3}
      propertyPath: m_Layer
      value: 9
      objectReference: {fileID: 0}
    - target: {fileID: 3135921509060577837, guid: 15d85f00bb57f4f87b53e1442606ecc2,
        type: 3}
      propertyPath: m_Layer
      value: 9
      objectReference: {fileID: 0}
    - target: {fileID: 3948933247560734027, guid: 15d85f00bb57f4f87b53e1442606ecc2,
        type: 3}
      propertyPath: m_Layer
      value: 9
      objectReference: {fileID: 0}
    - target: {fileID: 6159819195323411483, guid: 15d85f00bb57f4f87b53e1442606ecc2,
        type: 3}
      propertyPath: m_Layer
      value: 4
      objectReference: {fileID: 0}
    - target: {fileID: 8817898888258712963, guid: 15d85f00bb57f4f87b53e1442606ecc2,
        type: 3}
      propertyPath: m_Layer
      value: 9
      objectReference: {fileID: 0}
    m_RemovedComponents: []
  m_SourcePrefab: {fileID: 100100000, guid: 15d85f00bb57f4f87b53e1442606ecc2, type: 3}
--- !u!1 &439773153110576225 stripped
GameObject:
  m_CorrespondingSourceObject: {fileID: -6170625038081293824, guid: 15d85f00bb57f4f87b53e1442606ecc2,
    type: 3}
  m_PrefabInstance: {fileID: 3190776571667435105}
  m_PrefabAsset: {fileID: 0}
--- !u!54 &8348174147429655030
Rigidbody:
  m_ObjectHideFlags: 0
  m_CorrespondingSourceObject: {fileID: 0}
  m_PrefabInstance: {fileID: 0}
  m_PrefabAsset: {fileID: 0}
  m_GameObject: {fileID: 439773153110576225}
  serializedVersion: 2
  m_Mass: 1.875
  m_Drag: 0
  m_AngularDrag: 0.05
  m_UseGravity: 1
  m_IsKinematic: 0
  m_Interpolate: 0
  m_Constraints: 0
  m_CollisionDetection: 0
--- !u!136 &733517570273951480
CapsuleCollider:
  m_ObjectHideFlags: 0
  m_CorrespondingSourceObject: {fileID: 0}
  m_PrefabInstance: {fileID: 0}
  m_PrefabAsset: {fileID: 0}
  m_GameObject: {fileID: 439773153110576225}
  m_Material: {fileID: 0}
  m_IsTrigger: 0
  m_Enabled: 1
  m_Radius: 0.05396047
  m_Height: 0.21584187
  m_Direction: 1
  m_Center: {x: 0, y: 0.10792094, z: 0}
--- !u!144 &8196030155594866353
CharacterJoint:
  m_ObjectHideFlags: 0
  m_CorrespondingSourceObject: {fileID: 0}
  m_PrefabInstance: {fileID: 0}
  m_PrefabAsset: {fileID: 0}
  m_GameObject: {fileID: 439773153110576225}
  m_ConnectedBody: {fileID: 1141373572414028220}
  m_ConnectedArticulationBody: {fileID: 0}
  m_Anchor: {x: 0, y: 0, z: 0}
  m_Axis: {x: -1, y: 0, z: 0}
  m_AutoConfigureConnectedAnchor: 1
  m_ConnectedAnchor: {x: 0, y: 0, z: 0}
  serializedVersion: 2
  m_SwingAxis: {x: 0, y: 0, z: 1}
  m_TwistLimitSpring:
    spring: 0
    damper: 0
  m_LowTwistLimit:
    limit: -80
    bounciness: 0
    contactDistance: 0
  m_HighTwistLimit:
    limit: 0
    bounciness: 0
    contactDistance: 0
  m_SwingLimitSpring:
    spring: 0
    damper: 0
  m_Swing1Limit:
    limit: 0
    bounciness: 0
    contactDistance: 0
  m_Swing2Limit:
    limit: 0
    bounciness: 0
    contactDistance: 0
  m_EnableProjection: 0
  m_ProjectionDistance: 0.1
  m_ProjectionAngle: 180
  m_BreakForce: Infinity
  m_BreakTorque: Infinity
  m_EnableCollision: 0
  m_EnablePreprocessing: 0
  m_MassScale: 1
  m_ConnectedMassScale: 1
--- !u!1 &559270564610458700 stripped
GameObject:
  m_CorrespondingSourceObject: {fileID: 3135921509060577837, guid: 15d85f00bb57f4f87b53e1442606ecc2,
    type: 3}
  m_PrefabInstance: {fileID: 3190776571667435105}
  m_PrefabAsset: {fileID: 0}
--- !u!54 &1141373572414028220
Rigidbody:
  m_ObjectHideFlags: 0
  m_CorrespondingSourceObject: {fileID: 0}
  m_PrefabInstance: {fileID: 0}
  m_PrefabAsset: {fileID: 0}
  m_GameObject: {fileID: 559270564610458700}
  serializedVersion: 2
  m_Mass: 1.875
  m_Drag: 0
  m_AngularDrag: 0.05
  m_UseGravity: 1
  m_IsKinematic: 0
  m_Interpolate: 0
  m_Constraints: 0
  m_CollisionDetection: 0
--- !u!136 &277746878592645832
CapsuleCollider:
  m_ObjectHideFlags: 0
  m_CorrespondingSourceObject: {fileID: 0}
  m_PrefabInstance: {fileID: 0}
  m_PrefabAsset: {fileID: 0}
  m_GameObject: {fileID: 559270564610458700}
  m_Material: {fileID: 0}
  m_IsTrigger: 0
  m_Enabled: 1
  m_Radius: 0.058484085
  m_Height: 0.19494694
  m_Direction: 1
  m_Center: {x: 0, y: 0.09747347, z: 0}
--- !u!144 &6216155876144362095
CharacterJoint:
  m_ObjectHideFlags: 0
  m_CorrespondingSourceObject: {fileID: 0}
  m_PrefabInstance: {fileID: 0}
  m_PrefabAsset: {fileID: 0}
  m_GameObject: {fileID: 559270564610458700}
  m_ConnectedBody: {fileID: 5821920345506615867}
  m_ConnectedArticulationBody: {fileID: 0}
  m_Anchor: {x: 0, y: 0, z: 0}
  m_Axis: {x: -1, y: 0, z: 0}
  m_AutoConfigureConnectedAnchor: 1
  m_ConnectedAnchor: {x: 0, y: 0, z: 0}
  serializedVersion: 2
  m_SwingAxis: {x: 0, y: 0, z: 1}
  m_TwistLimitSpring:
    spring: 0
    damper: 0
  m_LowTwistLimit:
    limit: -20
    bounciness: 0
    contactDistance: 0
  m_HighTwistLimit:
    limit: 70
    bounciness: 0
    contactDistance: 0
  m_SwingLimitSpring:
    spring: 0
    damper: 0
  m_Swing1Limit:
    limit: 30
    bounciness: 0
    contactDistance: 0
  m_Swing2Limit:
    limit: 0
    bounciness: 0
    contactDistance: 0
  m_EnableProjection: 0
  m_ProjectionDistance: 0.1
  m_ProjectionAngle: 180
  m_BreakForce: Infinity
  m_BreakTorque: Infinity
  m_EnableCollision: 0
  m_EnablePreprocessing: 0
  m_MassScale: 1
  m_ConnectedMassScale: 1
--- !u!1 &1912490246876306218 stripped
GameObject:
  m_CorrespondingSourceObject: {fileID: 3948933247560734027, guid: 15d85f00bb57f4f87b53e1442606ecc2,
    type: 3}
  m_PrefabInstance: {fileID: 3190776571667435105}
  m_PrefabAsset: {fileID: 0}
--- !u!54 &7106433562635266182
Rigidbody:
  m_ObjectHideFlags: 0
  m_CorrespondingSourceObject: {fileID: 0}
  m_PrefabInstance: {fileID: 0}
  m_PrefabAsset: {fileID: 0}
  m_GameObject: {fileID: 1912490246876306218}
  serializedVersion: 2
  m_Mass: 1.25
  m_Drag: 0
  m_AngularDrag: 0.05
  m_UseGravity: 1
  m_IsKinematic: 0
  m_Interpolate: 0
  m_Constraints: 0
  m_CollisionDetection: 0
--- !u!136 &3189698825796980973
CapsuleCollider:
  m_ObjectHideFlags: 0
  m_CorrespondingSourceObject: {fileID: 0}
  m_PrefabInstance: {fileID: 0}
  m_PrefabAsset: {fileID: 0}
  m_GameObject: {fileID: 1912490246876306218}
  m_Material: {fileID: 0}
  m_IsTrigger: 0
  m_Enabled: 1
  m_Radius: 0.079292566
  m_Height: 0.39646283
  m_Direction: 1
  m_Center: {x: 0, y: 0.19823141, z: 0}
--- !u!144 &8372320175003244996
CharacterJoint:
  m_ObjectHideFlags: 0
  m_CorrespondingSourceObject: {fileID: 0}
  m_PrefabInstance: {fileID: 0}
  m_PrefabAsset: {fileID: 0}
  m_GameObject: {fileID: 1912490246876306218}
  m_ConnectedBody: {fileID: 1550001369963060112}
  m_ConnectedArticulationBody: {fileID: 0}
  m_Anchor: {x: 0, y: 0, z: 0}
  m_Axis: {x: 1, y: 0, z: 0}
  m_AutoConfigureConnectedAnchor: 1
  m_ConnectedAnchor: {x: 0, y: 0, z: 0}
  serializedVersion: 2
  m_SwingAxis: {x: 0, y: -1, z: 0}
  m_TwistLimitSpring:
    spring: 0
    damper: 0
  m_LowTwistLimit:
    limit: -90
    bounciness: 0
    contactDistance: 0
  m_HighTwistLimit:
    limit: 0
    bounciness: 0
    contactDistance: 0
  m_SwingLimitSpring:
    spring: 0
    damper: 0
  m_Swing1Limit:
    limit: 0
    bounciness: 0
    contactDistance: 0
  m_Swing2Limit:
    limit: 0
    bounciness: 0
    contactDistance: 0
  m_EnableProjection: 0
  m_ProjectionDistance: 0.1
  m_ProjectionAngle: 180
  m_BreakForce: Infinity
  m_BreakTorque: Infinity
  m_EnableCollision: 0
  m_EnablePreprocessing: 0
  m_MassScale: 1
  m_ConnectedMassScale: 1
--- !u!1 &2343705461115417392 stripped
GameObject:
  m_CorrespondingSourceObject: {fileID: 919132149155446097, guid: 15d85f00bb57f4f87b53e1442606ecc2,
    type: 3}
  m_PrefabInstance: {fileID: 3190776571667435105}
  m_PrefabAsset: {fileID: 0}
--- !u!95 &8235087140318242433
Animator:
  serializedVersion: 4
  m_ObjectHideFlags: 0
  m_CorrespondingSourceObject: {fileID: 0}
  m_PrefabInstance: {fileID: 0}
  m_PrefabAsset: {fileID: 0}
  m_GameObject: {fileID: 2343705461115417392}
  m_Enabled: 1
  m_Avatar: {fileID: 9000000, guid: 6dc37edfad99b485fb6d6c9b3e153adf, type: 3}
  m_Controller: {fileID: 9100000, guid: 5492028a0227b47c6a9088d93cb5b71e, type: 2}
  m_CullingMode: 0
  m_UpdateMode: 0
  m_ApplyRootMotion: 0
  m_LinearVelocityBlending: 0
  m_StabilizeFeet: 0
  m_WarningMessage: 
  m_HasTransformHierarchy: 1
  m_AllowConstantClipSamplingOptimization: 1
  m_KeepAnimatorControllerStateOnDisable: 0
--- !u!1 &2540851517901803627 stripped
GameObject:
  m_CorrespondingSourceObject: {fileID: 1082271958561512970, guid: 15d85f00bb57f4f87b53e1442606ecc2,
    type: 3}
  m_PrefabInstance: {fileID: 3190776571667435105}
  m_PrefabAsset: {fileID: 0}
--- !u!54 &5821920345506615867
Rigidbody:
  m_ObjectHideFlags: 0
  m_CorrespondingSourceObject: {fileID: 0}
  m_PrefabInstance: {fileID: 0}
  m_PrefabAsset: {fileID: 0}
  m_GameObject: {fileID: 2540851517901803627}
  serializedVersion: 2
  m_Mass: 3.125
  m_Drag: 0
  m_AngularDrag: 0.05
  m_UseGravity: 1
  m_IsKinematic: 0
  m_Interpolate: 0
  m_Constraints: 0
  m_CollisionDetection: 0
--- !u!65 &8022770937630391790
BoxCollider:
  m_ObjectHideFlags: 0
  m_CorrespondingSourceObject: {fileID: 0}
  m_PrefabInstance: {fileID: 0}
  m_PrefabAsset: {fileID: 0}
  m_GameObject: {fileID: 2540851517901803627}
  m_Material: {fileID: 0}
  m_IsTrigger: 0
  m_Enabled: 1
  serializedVersion: 2
  m_Size: {x: 0.30040738, y: 0.10508537, z: 0.17349601}
  m_Center: {x: -0.000000014901161, y: 0.014947876, z: -0.030932292}
--- !u!4 &3156270308904479114 stripped
Transform:
  m_CorrespondingSourceObject: {fileID: -8679921383154817045, guid: 15d85f00bb57f4f87b53e1442606ecc2,
    type: 3}
  m_PrefabInstance: {fileID: 3190776571667435105}
  m_PrefabAsset: {fileID: 0}
--- !u!1 &3339639134728293415 stripped
GameObject:
  m_CorrespondingSourceObject: {fileID: -9070493210130169274, guid: 15d85f00bb57f4f87b53e1442606ecc2,
    type: 3}
  m_PrefabInstance: {fileID: 3190776571667435105}
  m_PrefabAsset: {fileID: 0}
--- !u!54 &5846975873845704781
Rigidbody:
  m_ObjectHideFlags: 0
  m_CorrespondingSourceObject: {fileID: 0}
  m_PrefabInstance: {fileID: 0}
  m_PrefabAsset: {fileID: 0}
  m_GameObject: {fileID: 3339639134728293415}
  serializedVersion: 2
  m_Mass: 1.25
  m_Drag: 0
  m_AngularDrag: 0.05
  m_UseGravity: 1
  m_IsKinematic: 0
  m_Interpolate: 0
  m_Constraints: 0
  m_CollisionDetection: 0
--- !u!136 &5001605824495904440
CapsuleCollider:
  m_ObjectHideFlags: 0
  m_CorrespondingSourceObject: {fileID: 0}
  m_PrefabInstance: {fileID: 0}
  m_PrefabAsset: {fileID: 0}
  m_GameObject: {fileID: 3339639134728293415}
  m_Material: {fileID: 0}
  m_IsTrigger: 0
  m_Enabled: 1
  m_Radius: 0.04491701
  m_Height: 0.17966804
  m_Direction: 1
  m_Center: {x: 0, y: 0.08983402, z: 0}
--- !u!144 &3248158920208079848
CharacterJoint:
  m_ObjectHideFlags: 0
  m_CorrespondingSourceObject: {fileID: 0}
  m_PrefabInstance: {fileID: 0}
  m_PrefabAsset: {fileID: 0}
  m_GameObject: {fileID: 3339639134728293415}
  m_ConnectedBody: {fileID: 773341263174638933}
  m_ConnectedArticulationBody: {fileID: 0}
  m_Anchor: {x: 0, y: 0, z: 0}
  m_Axis: {x: 0, y: -1, z: 0}
  m_AutoConfigureConnectedAnchor: 1
  m_ConnectedAnchor: {x: 0, y: 0, z: 0}
  serializedVersion: 2
  m_SwingAxis: {x: -1, y: 0, z: 0}
  m_TwistLimitSpring:
    spring: 0
    damper: 0
  m_LowTwistLimit:
    limit: -70
    bounciness: 0
    contactDistance: 0
  m_HighTwistLimit:
    limit: 10
    bounciness: 0
    contactDistance: 0
  m_SwingLimitSpring:
    spring: 0
    damper: 0
  m_Swing1Limit:
    limit: 50
    bounciness: 0
    contactDistance: 0
  m_Swing2Limit:
    limit: 0
    bounciness: 0
    contactDistance: 0
  m_EnableProjection: 0
  m_ProjectionDistance: 0.1
  m_ProjectionAngle: 180
  m_BreakForce: Infinity
  m_BreakTorque: Infinity
  m_EnableCollision: 0
  m_EnablePreprocessing: 0
  m_MassScale: 1
  m_ConnectedMassScale: 1
--- !u!1 &4178924340822188762 stripped
GameObject:
  m_CorrespondingSourceObject: {fileID: -7657966619581158213, guid: 15d85f00bb57f4f87b53e1442606ecc2,
    type: 3}
  m_PrefabInstance: {fileID: 3190776571667435105}
  m_PrefabAsset: {fileID: 0}
--- !u!54 &773341263174638933
Rigidbody:
  m_ObjectHideFlags: 0
  m_CorrespondingSourceObject: {fileID: 0}
  m_PrefabInstance: {fileID: 0}
  m_PrefabAsset: {fileID: 0}
  m_GameObject: {fileID: 4178924340822188762}
  serializedVersion: 2
  m_Mass: 3.125
  m_Drag: 0
  m_AngularDrag: 0.05
  m_UseGravity: 1
  m_IsKinematic: 0
  m_Interpolate: 0
  m_Constraints: 0
  m_CollisionDetection: 0
--- !u!65 &5055329051510339509
BoxCollider:
  m_ObjectHideFlags: 0
  m_CorrespondingSourceObject: {fileID: 0}
  m_PrefabInstance: {fileID: 0}
  m_PrefabAsset: {fileID: 0}
  m_GameObject: {fileID: 4178924340822188762}
  m_Material: {fileID: 0}
  m_IsTrigger: 0
  m_Enabled: 1
  serializedVersion: 2
  m_Size: {x: 0.30040738, y: 0.24689595, z: 0.17597081}
  m_Center: {x: -0.000000014901161, y: 0.12344805, z: -0.006190762}
--- !u!144 &1591426938919350006
CharacterJoint:
  m_ObjectHideFlags: 0
  m_CorrespondingSourceObject: {fileID: 0}
  m_PrefabInstance: {fileID: 0}
  m_PrefabAsset: {fileID: 0}
  m_GameObject: {fileID: 4178924340822188762}
  m_ConnectedBody: {fileID: 5821920345506615867}
  m_ConnectedArticulationBody: {fileID: 0}
  m_Anchor: {x: 0, y: 0, z: 0}
  m_Axis: {x: 1, y: 0, z: 0}
  m_AutoConfigureConnectedAnchor: 1
  m_ConnectedAnchor: {x: 0, y: 0, z: 0}
  serializedVersion: 2
  m_SwingAxis: {x: 0, y: 0, z: 1}
  m_TwistLimitSpring:
    spring: 0
    damper: 0
  m_LowTwistLimit:
    limit: -20
    bounciness: 0
    contactDistance: 0
  m_HighTwistLimit:
    limit: 20
    bounciness: 0
    contactDistance: 0
  m_SwingLimitSpring:
    spring: 0
    damper: 0
  m_Swing1Limit:
    limit: 10
    bounciness: 0
    contactDistance: 0
  m_Swing2Limit:
    limit: 0
    bounciness: 0
    contactDistance: 0
  m_EnableProjection: 0
  m_ProjectionDistance: 0.1
  m_ProjectionAngle: 180
  m_BreakForce: Infinity
  m_BreakTorque: Infinity
  m_EnableCollision: 0
  m_EnablePreprocessing: 0
  m_MassScale: 1
  m_ConnectedMassScale: 1
--- !u!1 &5404517459731352837 stripped
GameObject:
  m_CorrespondingSourceObject: {fileID: -1781356600409242780, guid: 15d85f00bb57f4f87b53e1442606ecc2,
    type: 3}
  m_PrefabInstance: {fileID: 3190776571667435105}
  m_PrefabAsset: {fileID: 0}
--- !u!54 &7080937045172487820
Rigidbody:
  m_ObjectHideFlags: 0
  m_CorrespondingSourceObject: {fileID: 0}
  m_PrefabInstance: {fileID: 0}
  m_PrefabAsset: {fileID: 0}
  m_GameObject: {fileID: 5404517459731352837}
  serializedVersion: 2
  m_Mass: 1.25
  m_Drag: 0
  m_AngularDrag: 0.05
  m_UseGravity: 1
  m_IsKinematic: 0
  m_Interpolate: 0
  m_Constraints: 0
  m_CollisionDetection: 0
--- !u!135 &2494856802209223174
SphereCollider:
  m_ObjectHideFlags: 0
  m_CorrespondingSourceObject: {fileID: 0}
  m_PrefabInstance: {fileID: 0}
  m_PrefabAsset: {fileID: 0}
  m_GameObject: {fileID: 5404517459731352837}
  m_Material: {fileID: 0}
  m_IsTrigger: 0
  m_Enabled: 1
  serializedVersion: 2
  m_Radius: 0.23772287
  m_Center: {x: 0, y: 0.19134188, z: 0.031887203}
--- !u!144 &4048813653653067379
CharacterJoint:
  m_ObjectHideFlags: 0
  m_CorrespondingSourceObject: {fileID: 0}
  m_PrefabInstance: {fileID: 0}
  m_PrefabAsset: {fileID: 0}
  m_GameObject: {fileID: 5404517459731352837}
  m_ConnectedBody: {fileID: 773341263174638933}
  m_ConnectedArticulationBody: {fileID: 0}
  m_Anchor: {x: 0, y: 0, z: 0}
  m_Axis: {x: 1, y: 0, z: 0}
  m_AutoConfigureConnectedAnchor: 1
  m_ConnectedAnchor: {x: 0, y: 0, z: 0}
  serializedVersion: 2
  m_SwingAxis: {x: 0, y: 0, z: 1}
  m_TwistLimitSpring:
    spring: 0
    damper: 0
  m_LowTwistLimit:
    limit: -40
    bounciness: 0
    contactDistance: 0
  m_HighTwistLimit:
    limit: 25
    bounciness: 0
    contactDistance: 0
  m_SwingLimitSpring:
    spring: 0
    damper: 0
  m_Swing1Limit:
    limit: 25
    bounciness: 0
    contactDistance: 0
  m_Swing2Limit:
    limit: 0
    bounciness: 0
    contactDistance: 0
  m_EnableProjection: 0
  m_ProjectionDistance: 0.1
  m_ProjectionAngle: 180
  m_BreakForce: Infinity
  m_BreakTorque: Infinity
  m_EnableCollision: 0
  m_EnablePreprocessing: 0
  m_MassScale: 1
  m_ConnectedMassScale: 1
--- !u!1 &6203869235452099554 stripped
GameObject:
  m_CorrespondingSourceObject: {fileID: 8817898888258712963, guid: 15d85f00bb57f4f87b53e1442606ecc2,
    type: 3}
  m_PrefabInstance: {fileID: 3190776571667435105}
  m_PrefabAsset: {fileID: 0}
--- !u!54 &1550001369963060112
Rigidbody:
  m_ObjectHideFlags: 0
  m_CorrespondingSourceObject: {fileID: 0}
  m_PrefabInstance: {fileID: 0}
  m_PrefabAsset: {fileID: 0}
  m_GameObject: {fileID: 6203869235452099554}
  serializedVersion: 2
  m_Mass: 1.25
  m_Drag: 0
  m_AngularDrag: 0.05
  m_UseGravity: 1
  m_IsKinematic: 0
  m_Interpolate: 0
  m_Constraints: 0
  m_CollisionDetection: 0
--- !u!136 &6161591157680547539
CapsuleCollider:
  m_ObjectHideFlags: 0
  m_CorrespondingSourceObject: {fileID: 0}
  m_PrefabInstance: {fileID: 0}
  m_PrefabAsset: {fileID: 0}
  m_GameObject: {fileID: 6203869235452099554}
  m_Material: {fileID: 0}
  m_IsTrigger: 0
  m_Enabled: 1
  m_Radius: 0.045119334
  m_Height: 0.18047734
  m_Direction: 1
  m_Center: {x: 0, y: 0.09023867, z: 0}
--- !u!144 &7292874900513412958
CharacterJoint:
  m_ObjectHideFlags: 0
  m_CorrespondingSourceObject: {fileID: 0}
  m_PrefabInstance: {fileID: 0}
  m_PrefabAsset: {fileID: 0}
  m_GameObject: {fileID: 6203869235452099554}
  m_ConnectedBody: {fileID: 773341263174638933}
  m_ConnectedArticulationBody: {fileID: 0}
  m_Anchor: {x: 0, y: 0, z: 0}
  m_Axis: {x: 0, y: -1, z: 0}
  m_AutoConfigureConnectedAnchor: 1
  m_ConnectedAnchor: {x: 0, y: 0, z: 0}
  serializedVersion: 2
  m_SwingAxis: {x: 1, y: 0, z: 0}
  m_TwistLimitSpring:
    spring: 0
    damper: 0
  m_LowTwistLimit:
    limit: -70
    bounciness: 0
    contactDistance: 0
  m_HighTwistLimit:
    limit: 10
    bounciness: 0
    contactDistance: 0
  m_SwingLimitSpring:
    spring: 0
    damper: 0
  m_Swing1Limit:
    limit: 50
    bounciness: 0
    contactDistance: 0
  m_Swing2Limit:
    limit: 0
    bounciness: 0
    contactDistance: 0
  m_EnableProjection: 0
  m_ProjectionDistance: 0.1
  m_ProjectionAngle: 180
  m_BreakForce: Infinity
  m_BreakTorque: Infinity
  m_EnableCollision: 0
  m_EnablePreprocessing: 0
  m_MassScale: 1
  m_ConnectedMassScale: 1
--- !u!1 &6318803578484044190 stripped
GameObject:
  m_CorrespondingSourceObject: {fileID: -290750445479886849, guid: 15d85f00bb57f4f87b53e1442606ecc2,
    type: 3}
  m_PrefabInstance: {fileID: 3190776571667435105}
  m_PrefabAsset: {fileID: 0}
--- !u!54 &2389696774194441432
Rigidbody:
  m_ObjectHideFlags: 0
  m_CorrespondingSourceObject: {fileID: 0}
  m_PrefabInstance: {fileID: 0}
  m_PrefabAsset: {fileID: 0}
  m_GameObject: {fileID: 6318803578484044190}
  serializedVersion: 2
  m_Mass: 1.25
  m_Drag: 0
  m_AngularDrag: 0.05
  m_UseGravity: 1
  m_IsKinematic: 0
  m_Interpolate: 0
  m_Constraints: 0
  m_CollisionDetection: 0
--- !u!136 &7050650048932324603
CapsuleCollider:
  m_ObjectHideFlags: 0
  m_CorrespondingSourceObject: {fileID: 0}
  m_PrefabInstance: {fileID: 0}
  m_PrefabAsset: {fileID: 0}
  m_GameObject: {fileID: 6318803578484044190}
  m_Material: {fileID: 0}
  m_IsTrigger: 0
  m_Enabled: 1
  m_Radius: 0.07952062
  m_Height: 0.3976031
  m_Direction: 1
  m_Center: {x: 0, y: 0.19880155, z: 0}
--- !u!144 &3799323146853713493
CharacterJoint:
  m_ObjectHideFlags: 0
  m_CorrespondingSourceObject: {fileID: 0}
  m_PrefabInstance: {fileID: 0}
  m_PrefabAsset: {fileID: 0}
  m_GameObject: {fileID: 6318803578484044190}
  m_ConnectedBody: {fileID: 5846975873845704781}
  m_ConnectedArticulationBody: {fileID: 0}
  m_Anchor: {x: 0, y: 0, z: 0}
  m_Axis: {x: -1, y: 0, z: 0}
  m_AutoConfigureConnectedAnchor: 1
  m_ConnectedAnchor: {x: 0, y: 0, z: 0}
  serializedVersion: 2
  m_SwingAxis: {x: 0, y: -1, z: 0}
  m_TwistLimitSpring:
    spring: 0
    damper: 0
  m_LowTwistLimit:
    limit: -90
    bounciness: 0
    contactDistance: 0
  m_HighTwistLimit:
    limit: 0
    bounciness: 0
    contactDistance: 0
  m_SwingLimitSpring:
    spring: 0
    damper: 0
  m_Swing1Limit:
    limit: 0
    bounciness: 0
    contactDistance: 0
  m_Swing2Limit:
    limit: 0
    bounciness: 0
    contactDistance: 0
  m_EnableProjection: 0
  m_ProjectionDistance: 0.1
  m_ProjectionAngle: 180
  m_BreakForce: Infinity
  m_BreakTorque: Infinity
  m_EnableCollision: 0
  m_EnablePreprocessing: 0
  m_MassScale: 1
  m_ConnectedMassScale: 1
--- !u!1 &8041397462848512809 stripped
GameObject:
  m_CorrespondingSourceObject: {fileID: -4332706925441422008, guid: 15d85f00bb57f4f87b53e1442606ecc2,
    type: 3}
  m_PrefabInstance: {fileID: 3190776571667435105}
  m_PrefabAsset: {fileID: 0}
--- !u!54 &8492970893353598498
Rigidbody:
  m_ObjectHideFlags: 0
  m_CorrespondingSourceObject: {fileID: 0}
  m_PrefabInstance: {fileID: 0}
  m_PrefabAsset: {fileID: 0}
  m_GameObject: {fileID: 8041397462848512809}
  serializedVersion: 2
  m_Mass: 1.875
  m_Drag: 0
  m_AngularDrag: 0.05
  m_UseGravity: 1
  m_IsKinematic: 0
  m_Interpolate: 0
  m_Constraints: 0
  m_CollisionDetection: 0
--- !u!136 &2617751599104681669
CapsuleCollider:
  m_ObjectHideFlags: 0
  m_CorrespondingSourceObject: {fileID: 0}
  m_PrefabInstance: {fileID: 0}
  m_PrefabAsset: {fileID: 0}
  m_GameObject: {fileID: 8041397462848512809}
  m_Material: {fileID: 0}
  m_IsTrigger: 0
  m_Enabled: 1
  m_Radius: 0.054564137
  m_Height: 0.21825655
  m_Direction: 1
  m_Center: {x: 0, y: 0.109128274, z: 0}
--- !u!144 &2754990083314029742
CharacterJoint:
  m_ObjectHideFlags: 0
  m_CorrespondingSourceObject: {fileID: 0}
  m_PrefabInstance: {fileID: 0}
  m_PrefabAsset: {fileID: 0}
  m_GameObject: {fileID: 8041397462848512809}
  m_ConnectedBody: {fileID: 2095313560405992209}
  m_ConnectedArticulationBody: {fileID: 0}
  m_Anchor: {x: 0, y: 0, z: 0}
  m_Axis: {x: -1, y: 0, z: 0}
  m_AutoConfigureConnectedAnchor: 1
  m_ConnectedAnchor: {x: 0, y: 0, z: 0}
  serializedVersion: 2
  m_SwingAxis: {x: 0, y: 0, z: 1}
  m_TwistLimitSpring:
    spring: 0
    damper: 0
  m_LowTwistLimit:
    limit: -80
    bounciness: 0
    contactDistance: 0
  m_HighTwistLimit:
    limit: 0
    bounciness: 0
    contactDistance: 0
  m_SwingLimitSpring:
    spring: 0
    damper: 0
  m_Swing1Limit:
    limit: 0
    bounciness: 0
    contactDistance: 0
  m_Swing2Limit:
    limit: 0
    bounciness: 0
    contactDistance: 0
  m_EnableProjection: 0
  m_ProjectionDistance: 0.1
  m_ProjectionAngle: 180
  m_BreakForce: Infinity
  m_BreakTorque: Infinity
  m_EnableCollision: 0
  m_EnablePreprocessing: 0
  m_MassScale: 1
  m_ConnectedMassScale: 1
--- !u!1 &8749698728630123242 stripped
GameObject:
  m_CorrespondingSourceObject: {fileID: -3086436065929644917, guid: 15d85f00bb57f4f87b53e1442606ecc2,
    type: 3}
  m_PrefabInstance: {fileID: 3190776571667435105}
  m_PrefabAsset: {fileID: 0}
--- !u!54 &2095313560405992209
Rigidbody:
  m_ObjectHideFlags: 0
  m_CorrespondingSourceObject: {fileID: 0}
  m_PrefabInstance: {fileID: 0}
  m_PrefabAsset: {fileID: 0}
  m_GameObject: {fileID: 8749698728630123242}
  serializedVersion: 2
  m_Mass: 1.875
  m_Drag: 0
  m_AngularDrag: 0.05
  m_UseGravity: 1
  m_IsKinematic: 0
  m_Interpolate: 0
  m_Constraints: 0
  m_CollisionDetection: 0
--- !u!136 &3315309473452177153
CapsuleCollider:
  m_ObjectHideFlags: 0
  m_CorrespondingSourceObject: {fileID: 0}
  m_PrefabInstance: {fileID: 0}
  m_PrefabAsset: {fileID: 0}
  m_GameObject: {fileID: 8749698728630123242}
  m_Material: {fileID: 0}
  m_IsTrigger: 0
  m_Enabled: 1
  m_Radius: 0.05854645
  m_Height: 0.19515483
  m_Direction: 1
  m_Center: {x: 0, y: 0.097577415, z: 0}
--- !u!144 &5869131213370409006
CharacterJoint:
  m_ObjectHideFlags: 0
  m_CorrespondingSourceObject: {fileID: 0}
  m_PrefabInstance: {fileID: 0}
  m_PrefabAsset: {fileID: 0}
  m_GameObject: {fileID: 8749698728630123242}
  m_ConnectedBody: {fileID: 5821920345506615867}
  m_ConnectedArticulationBody: {fileID: 0}
  m_Anchor: {x: 0, y: 0, z: 0}
  m_Axis: {x: -1, y: 0, z: 0}
  m_AutoConfigureConnectedAnchor: 1
  m_ConnectedAnchor: {x: 0, y: 0, z: 0}
  serializedVersion: 2
  m_SwingAxis: {x: 0, y: 0, z: 1}
  m_TwistLimitSpring:
    spring: 0
    damper: 0
  m_LowTwistLimit:
    limit: -20
    bounciness: 0
    contactDistance: 0
  m_HighTwistLimit:
    limit: 70
    bounciness: 0
    contactDistance: 0
  m_SwingLimitSpring:
    spring: 0
    damper: 0
  m_Swing1Limit:
    limit: 30
    bounciness: 0
    contactDistance: 0
  m_Swing2Limit:
    limit: 0
    bounciness: 0
    contactDistance: 0
  m_EnableProjection: 0
  m_ProjectionDistance: 0.1
  m_ProjectionAngle: 180
  m_BreakForce: Infinity
  m_BreakTorque: Infinity
  m_EnableCollision: 0
  m_EnablePreprocessing: 0
  m_MassScale: 1
  m_ConnectedMassScale: 1
--- !u!1001 &5399968940868228705
PrefabInstance:
  m_ObjectHideFlags: 0
  serializedVersion: 2
  m_Modification:
    m_TransformParent: {fileID: 7346661889937692372}
    m_Modifications:
    - target: {fileID: 6595102144617590124, guid: 0955207694d264840bde82c9353bd1cd,
        type: 3}
      propertyPath: m_Name
      value: blood
      objectReference: {fileID: 0}
    - target: {fileID: 6595102144617590125, guid: 0955207694d264840bde82c9353bd1cd,
        type: 3}
      propertyPath: m_RootOrder
      value: 4
      objectReference: {fileID: 0}
    - target: {fileID: 6595102144617590125, guid: 0955207694d264840bde82c9353bd1cd,
        type: 3}
      propertyPath: m_LocalPosition.x
      value: 0
      objectReference: {fileID: 0}
    - target: {fileID: 6595102144617590125, guid: 0955207694d264840bde82c9353bd1cd,
        type: 3}
      propertyPath: m_LocalPosition.y
      value: 0
      objectReference: {fileID: 0}
    - target: {fileID: 6595102144617590125, guid: 0955207694d264840bde82c9353bd1cd,
        type: 3}
      propertyPath: m_LocalPosition.z
      value: 0
      objectReference: {fileID: 0}
    - target: {fileID: 6595102144617590125, guid: 0955207694d264840bde82c9353bd1cd,
        type: 3}
      propertyPath: m_LocalRotation.w
      value: 1
      objectReference: {fileID: 0}
    - target: {fileID: 6595102144617590125, guid: 0955207694d264840bde82c9353bd1cd,
        type: 3}
      propertyPath: m_LocalRotation.x
      value: 0
      objectReference: {fileID: 0}
    - target: {fileID: 6595102144617590125, guid: 0955207694d264840bde82c9353bd1cd,
        type: 3}
      propertyPath: m_LocalRotation.y
      value: 0
      objectReference: {fileID: 0}
    - target: {fileID: 6595102144617590125, guid: 0955207694d264840bde82c9353bd1cd,
        type: 3}
      propertyPath: m_LocalRotation.z
      value: 0
      objectReference: {fileID: 0}
    - target: {fileID: 6595102144617590125, guid: 0955207694d264840bde82c9353bd1cd,
        type: 3}
      propertyPath: m_LocalEulerAnglesHint.x
      value: 0
      objectReference: {fileID: 0}
    - target: {fileID: 6595102144617590125, guid: 0955207694d264840bde82c9353bd1cd,
        type: 3}
      propertyPath: m_LocalEulerAnglesHint.y
      value: 0
      objectReference: {fileID: 0}
    - target: {fileID: 6595102144617590125, guid: 0955207694d264840bde82c9353bd1cd,
        type: 3}
      propertyPath: m_LocalEulerAnglesHint.z
      value: 0
      objectReference: {fileID: 0}
    m_RemovedComponents: []
  m_SourcePrefab: {fileID: 100100000, guid: 0955207694d264840bde82c9353bd1cd, type: 3}
--- !u!4 &1258203391504349964 stripped
Transform:
  m_CorrespondingSourceObject: {fileID: 6595102144617590125, guid: 0955207694d264840bde82c9353bd1cd,
    type: 3}
  m_PrefabInstance: {fileID: 5399968940868228705}
  m_PrefabAsset: {fileID: 0}
--- !u!1 &1258203391504349965 stripped
GameObject:
  m_CorrespondingSourceObject: {fileID: 6595102144617590124, guid: 0955207694d264840bde82c9353bd1cd,
    type: 3}
  m_PrefabInstance: {fileID: 5399968940868228705}
  m_PrefabAsset: {fileID: 0}
--- !u!1001 &7346661890772854027
PrefabInstance:
  m_ObjectHideFlags: 0
  serializedVersion: 2
  m_Modification:
    m_TransformParent: {fileID: 7346661889937692372}
    m_Modifications:
    - target: {fileID: 2434229226145483598, guid: f5d694137ca60ce4ba323bd08a043b07,
        type: 3}
      propertyPath: m_Name
      value: smoke_start
      objectReference: {fileID: 0}
    - target: {fileID: 2434229226145483599, guid: f5d694137ca60ce4ba323bd08a043b07,
        type: 3}
      propertyPath: m_RootOrder
      value: 3
      objectReference: {fileID: 0}
    - target: {fileID: 2434229226145483599, guid: f5d694137ca60ce4ba323bd08a043b07,
        type: 3}
      propertyPath: m_LocalPosition.x
      value: 0
      objectReference: {fileID: 0}
    - target: {fileID: 2434229226145483599, guid: f5d694137ca60ce4ba323bd08a043b07,
        type: 3}
      propertyPath: m_LocalPosition.y
      value: 0
      objectReference: {fileID: 0}
    - target: {fileID: 2434229226145483599, guid: f5d694137ca60ce4ba323bd08a043b07,
        type: 3}
      propertyPath: m_LocalPosition.z
      value: 0
      objectReference: {fileID: 0}
    - target: {fileID: 2434229226145483599, guid: f5d694137ca60ce4ba323bd08a043b07,
        type: 3}
      propertyPath: m_LocalRotation.w
      value: 1
      objectReference: {fileID: 0}
    - target: {fileID: 2434229226145483599, guid: f5d694137ca60ce4ba323bd08a043b07,
        type: 3}
      propertyPath: m_LocalRotation.x
      value: 0
      objectReference: {fileID: 0}
    - target: {fileID: 2434229226145483599, guid: f5d694137ca60ce4ba323bd08a043b07,
        type: 3}
      propertyPath: m_LocalRotation.y
      value: 0
      objectReference: {fileID: 0}
    - target: {fileID: 2434229226145483599, guid: f5d694137ca60ce4ba323bd08a043b07,
        type: 3}
      propertyPath: m_LocalRotation.z
      value: 0
      objectReference: {fileID: 0}
    - target: {fileID: 2434229226145483599, guid: f5d694137ca60ce4ba323bd08a043b07,
        type: 3}
      propertyPath: m_LocalEulerAnglesHint.x
      value: 0
      objectReference: {fileID: 0}
    - target: {fileID: 2434229226145483599, guid: f5d694137ca60ce4ba323bd08a043b07,
        type: 3}
      propertyPath: m_LocalEulerAnglesHint.y
      value: 0
      objectReference: {fileID: 0}
    - target: {fileID: 2434229226145483599, guid: f5d694137ca60ce4ba323bd08a043b07,
        type: 3}
      propertyPath: m_LocalEulerAnglesHint.z
      value: 0
      objectReference: {fileID: 0}
    m_RemovedComponents: []
  m_SourcePrefab: {fileID: 100100000, guid: f5d694137ca60ce4ba323bd08a043b07, type: 3}
--- !u!4 &4916954998969790020 stripped
Transform:
  m_CorrespondingSourceObject: {fileID: 2434229226145483599, guid: f5d694137ca60ce4ba323bd08a043b07,
    type: 3}
  m_PrefabInstance: {fileID: 7346661890772854027}
  m_PrefabAsset: {fileID: 0}
--- !u!1 &4916954998969790021 stripped
GameObject:
  m_CorrespondingSourceObject: {fileID: 2434229226145483598, guid: f5d694137ca60ce4ba323bd08a043b07,
    type: 3}
  m_PrefabInstance: {fileID: 7346661890772854027}
  m_PrefabAsset: {fileID: 0}
